<?xml version="1.0" encoding="UTF-8"?><collection xmlns="http://www.loc.gov/MARC21/slim"><record><leader>00486nam--2200157-i-4500</leader><controlfield tag="001">000020914</controlfield><controlfield tag="002">20161230</controlfield><controlfield tag="005">20161230201033</controlfield><controlfield tag="008">060222s1000------------r-----000-0-eng-d</controlfield><datafield ind1=" " ind2=" " tag="020"><subfield code="a">92-826-3</subfield></datafield><datafield ind1=" " ind2=" " tag="080"><subfield code="a">621.039.84</subfield></datafield><datafield ind1=" " ind2=" " tag="100"><subfield code="a">Ph. Quevauviller /S.A.</subfield></datafield><datafield ind1=" " ind2=" " tag="245"><subfield code="a">The certifiction of the contents of cd, cu, pb mo, ni and zn in sea water crm 403</subfield></datafield><datafield ind1=" " ind2=" " tag="260"><subfield code="a">Luxembourg: Office For Official Publications Of The European Communities, 1992 53 P</subfield></datafield><datafield ind1=" " ind2=" " tag="490"><subfield code="a">Eur 14061</subfield></datafield><datafield ind1=" " ind2=" " tag="852"><subfield code="a">80210</subfield></datafield></record></collection>